Scopus
EXPORT DATE: 19 August 2021

@ARTICLE{Binkowski2017846,
author={Binkowski, L.J. and Sloboda, M. and Dudzik, P. and Klak, M. and Stawarz, R.},
title={Pollution of artesian wells in the urban areas of Krakow, Europe},
journal={Fresenius Environmental Bulletin},
year={2017},
volume={26},
number={1},
pages={846-853},
note={cited By 1},
url={https://www.scopus.com/inward/record.uri?eid=2-s2.0-85017368621&partnerID=40&md5=f09f65bad5da60fb65569b7e53f2fb52},
affiliation={Pedagogical University of Cracow, Institute of Biology, Podbrzezie 3, Krakow, 31-054, Poland; AGH University of Science and Technology, Department of Environmental Management and Protection, Krakow, Poland; Jagiellonian University, Institute of Environmental Sciences, Krakow, Poland},
abstract={Artesian wells are sources of water from the late Pleistocene era. They are in common use in Krakow, in southern Poland, where five years ago limited studies were carried out, the results of which disputed the potability of water from some of the wells. This paper presents complex studies carried out at the end of 2012 concerning the pollution and composition of water samples from nine artesian wells. We studied smell and taste, color, turbidity and conductivity, pH levels, hardness, oxygen concentration and demand, total organic content, compound concentrations (NH4+, NO2-, NO3-, Br-, Cl-, benzene, ethylbenzene, xylene, toluene), element concentrations (Al, Ca, Cd, Cu, Fe, Hg, Mg, Mn, Pb, Zn) and the quantity of bacteria. In only one well was water fit for human consumption. In other cases, numerous parameters were above the permissible limits. Most often, the parameters of color, turbidity and concentrations of Fe and NH4+ exceeded the acceptable levels. In one well the concentration of benzene also exceeded the maximum permissible level. The significance of the differences in the levels between wells shows that aquifers mix either very slowly or not at all.},
author_keywords={Artesian wells;  Groundwater;  Metals;  Pollution;  Water},
keywords={artesian well;  bacterium;  groundwater pollution;  physicochemical property;  Pleistocene;  Pliocene-Pleistocene boundary;  pollution monitoring;  spatiotemporal analysis;  urban area;  water chemistry;  well water, Cracow;  Malopolskie;  Poland [Central Europe]},
references={Bajkiewicz-Grabowska, E., Mikulski, Z., (1996) Hydrologia Ogólna, , PWN, Warszawa; Dowgiallo, J., Kleczkowski, A.S., Macioszczyk, T., Rózkowski, A., (2002) Słownik Hydrogeologiczny, , Państwowy Instytut Geologiczny, Warszawa; Marston, L., Konar, M., Cai, X., Troy, T.J., Virtual groundwater transfers from overexploited aquifers in the United States (2015) Proceedings of the National Academy of Sciences, 112, p. 201500457; Satora, S., Studnie wiercone i wody artezyjskie województwa małopolskiego (2007) Infrastruktura i Ekologia Terenów Wiejskich, 4, pp. 167-177; Kleczkowski, A.S., Myszka, J., Solecki, T., Stopa, J., (1994) Krakowskie Artezyjskie Zdroje Wód Pitnych Z Wapieni Jury, , Wydział Geologii, Geofizyki i Ochrony Środowiska AGH, Kraków; Chau, N., Kasprzykowski, P., Seniuta, R., Nowak, J., Ochmański, P., Izotopy uranu i radu wód pitnych aglomeracji krakowskiej (2009) Biuletyn Państwowego Instytutu Geologicznego, 436, pp. 29-34; Macioszczyk, A., Dobrzyński, D., (2002) Hydrogeochemia - Strefy Aktywnej Wymiany Wód Podziemnych, , PWN, Warszawa; Jȩdrzejczyk, A., (2008) Ocena Jakości Wody W Studniach Artezyjskich i Źródłach za 2008 Rok, , http://wsse.krakow.pl/pages/psse_krakow_serw_is.php?nid=132&did=5508, PPIS, Kraków (last access on 30.05.2014); (2012) ICM Meteo.pl (material Produced Using Met Office Software), , http://www.meteo.pl, ICM University of Warsaw (last access on 3.12.2015); (2007) Regulation of the Minister of Health (in Polish). Rozporządzenie Ministra Zdrowia Z Dnia 29 Marca 2007 R. W Sprawie Jakości Wody Przeznaczonej do Spożycia Przez Ludzi, (61), p. 417. , RMH Dz.U. 2007; Kleczkowski, A.S., Czop, M., Motyka, J., Rajchel, L.Z., Wpływ czynników geogenicznych i antropogenicznych na skład chemiczny wód podziemnych w Krakowie (2009) Geologia, 35, pp. 117-128; Pociask-Karteczka, J., Przemiany stosunków wodnych na obszarze Krakowa (1994) Zeszyty Naukowe UJ, Prace Geograficzne, 96, pp. 7-53; Quevauviller, P.P., Fouillac, A.M., Grath, M.J., Ward, R., (2009) Groundwater Monitoring, , John Wiley & Sons, Chichester; Chruszcz-Lipska, K., Winid, B., Maruta, M., Chmura-Skirlińska, A., The chemistry and quality of water from the artesian wells of the Jurassic aquifer in Krakow (2014) Geology, Geophysics & Environment, 40, pp. 307-318; Schwartz, F.W., Zhang, H., (2003) Fundamentals of Ground Water, , John Wiley & Sons, New York; (2009) Bromide in Drinking-water, Background Document for Development of WHO Guidelines for Drinking-water Quality WHO/HSE/WSH/09.01/6, , WHO; Solecki, T., (2005) Techniki i Technologie Usuwania Zanieczyszczeń Ropopochodnych Z Gruntu i Wód Gruntowych, , Wydawnictwo SAPSP, Kraków; Spellman, F.R., (2013) Handbook of Water and Wastewater Treatment Plant Operations, , CRC Press, Boca Raton; (2002) Regulation of the Minister of Environment (in Polish). Rozporządzenie Ministra Środowiska Z Dnia 27 Listopada 2002 R. W Sprawie Wymagań, Jakim Powinny Odpowiadać Wody Powierzchniowe Wykorzystywane do Zaopatrzenia Ludności W Wodȩ Przeznaczoną do Spożycia, (204), p. 1728. , RME Dz.U. 2002; Kabata-Pendias, A., Pendias, H., (1999) Biogeochemia Pierwiastków Śladowych (2nd Ed.), , Wydawnictwo Naukowe PWN, Warszawa},
correspondence_address1={Binkowski, L.J.; Pedagogical University of Cracow, Podbrzezie 3, Poland; email: ljbinkowski@gmail.com},
publisher={Parlar Scientific Publications},
issn={10184619},
coden={FENBE},
language={English},
abbrev_source_title={Fresenius Environ. Bull.},
document_type={Article},
source={Scopus},
}
