@INPROCEEDINGS{7030599,
  author={Nagne, Ajay D. and Dhumal, Rajesh K. and Vibhute, Amol D. and Rajendra, Yogesh D. and Kale, K. V. and Mehrotra, S. C.},
  booktitle={2014 Annual IEEE India Conference (INDICON)}, 
  title={Suitable sites identification for solid waste dumping using RS and GIS approach: A case study of Aurangabad, (MS) India}, 
  year={2014},
  volume={},
  number={},
  pages={1-6},
  doi={10.1109/INDICON.2014.7030599}}
