@book{Wu2018,
author = {Wu, Chenxi and Zhang, Kai and Xiong, Xiong},
booktitle = {Handbook of Environmental Chemistry},
doi = {10.1007/978-3-319-61615-5_5},
file = {:home/jnicolaschc/GitHub/Metodolog{\'{i}}a de la Investigaci{\'{o}}n/enfoque_marco_logico/Referencias/Base de datos Scopus/Environmental Pollution 255/Translate/codigofuente/ExportBIB/1002201.pdf:pdf},
isbn = {9783319616148},
issn = {1867979X},
keywords = {Asia,Lakes,Microplastics,Occurrence,Rivers,Source},
pages = {85--99},
title = {{Microplastic pollution in inland waters focusing on Asia}},
volume = {58},
year = {2018}
}


@article{AnthonyBrowne2011,
author = {{Anthony Browne}, Mark and Crump, Phillip and {J. Niven}, Stewart and Teuten, Emma and Tonkin, Andrew and Galloway, Tamara and Thompson, Richard},
doi = {10.1021/es201811s},
journal = {Environmental Science & Technology},
month = {oct},
number = {21},
pages = {9175--9179},
title = {{Accumulation of Microplastic on Shorelines Woldwide: Sources and Sinks}},
volume = {45},
year = {2011}
}

@article{Blettler2017,
author = {Blettler, Martin C M and Ulla, Maria Alicia and Rabuffetti, Ana Pia and Garello, Nicol{\'{a}}s},
doi = {10.1007/s10661-017-6305-8},
file = {:home/jnicolaschc/GitHub/Metodolog{\'{i}}a de la Investigaci{\'{o}}n/enfoque_marco_logico/Referencias/Base de datos Scopus/Environmental Pollution 255/Translate/codigofuente/ExportBIB/a47233130d7c758b0a29acfccf2a5050.pdf:pdf},
issn = {1573-2959},
journal = {Environmental Monitoring and Assessment},
number = {11},
pages = {581},
title = {{Plastic pollution in freshwater ecosystems: macro-, meso-, and microplastic debris in a floodplain lake}},
url = {https://doi.org/10.1007/s10661-017-6305-8},
volume = {189},
year = {2017}
}

@article{GUNDOGDU2018342,
author = {G{\"{u}}ndoğdu, Sedat and {\c{C}}evik, Cem and Ayat, Berna and Aydoğan, Burak and Karaca, Serkan},
doi = {https://doi.org/10.1016/j.envpol.2018.04.042},
issn = {0269-7491},
journal = {Environmental Pollution},
keywords = { ATR FT-IR, Levantine sea, Marine litter, Mersin bay, Rain flood,Microplastic},
pages = {342--350},
title = {{How microplastics quantities increase with flood events? An example from Mersin Bay NE Levantine coast of Turkey}},
url = {https://www.sciencedirect.com/science/article/pii/S0269749118300939},
volume = {239},
year = {2018}
}

@article{Battulga2019,
author = {Battulga, Batdulam and Kawahigashi, Masayuki and Oyuntsetseg, Bolormaa},
doi = {10.1007/s11356-019-04632-1},
issn = {1614-7499},
journal = {Environmental Science and Pollution Research},
number = {14},
pages = {14059--14072},
title = {{Distribution and composition of plastic debris along the river shore in the Selenga River basin in Mongolia}},
url = {https://doi.org/10.1007/s11356-019-04632-1},
volume = {26},
year = {2019}
}

@article{VANWIJNEN2019392,
author = {van Wijnen, Jikke and Ragas, Ad M J and Kroeze, Carolien},
doi = {https://doi.org/10.1016/j.scitotenv.2019.04.078},
issn = {0048-9697},
journal = {Science of The Total Environment},
keywords = { Coastal seas, Future scenarios, GREMiS model, Plastic soup, River transport,Microplastics},
pages = {392--401},
title = {{Modelling global river export of microplastics to the marine environment: Sources and future trends}},
url = {https://www.sciencedirect.com/science/article/pii/S0048969719315980},
volume = {673},
year = {2019}
}

@article{Rochman2015,
author = {Rochman, Chelsea M. and Tahir, Akbar and Williams, Susan L. and Baxa, Dolores V. and Lam, Rosalyn and Miller, Jeffrey T. and Teh, Foo Ching and Werorilangi, Shinta and Teh, Swee J.},
doi = {10.1038/srep14340},
file = {:home/jnicolaschc/.local/share/data/Mendeley Ltd./Mendeley Desktop/Downloaded/Rochman et al. - 2015 - Anthropogenic debris in seafood Plastic debris and fibers from textiles in fish and bivalves sold for human cons.pdf:pdf},
issn = {20452322},
journal = {Scientific Reports},
pages = {14340},
pmid = {26399762},
title = {{Anthropogenic debris in seafood: Plastic debris and fibers from textiles in fish and bivalves sold for human consumption}},
url = {www.nature.com/scientificreports},
volume = {5},
year = {2015}
}

@misc{Guterl2012,
author = {Guterl, Fred},
title = {{Best Countries in Science: SA's Global Science Scorecard - Scientific American Blog Network}},
url = {https://blogs.scientificamerican.com/observations/best-countries-in-science-sas-global-science-scorecard/},
urldate = {2021-08-07},
year = {2012}
}

@article{MINGHUA20091227,
author = {Minghua, Zhu and Xiumin, Fan and Rovetta, Alberto and Qichang, He and Vicentini, Federico and Bingkai, Liu and Giusti, Alessandro and Yi, Liu},
doi = {https://doi.org/10.1016/j.wasman.2008.07.016},
issn = {0956-053X},
journal = {Waste Management},
number = {3},
pages = {1227--1233},
title = {{Municipal solid waste management in Pudong New Area, China}},
url = {https://www.sciencedirect.com/science/article/pii/S0956053X08002924},
volume = {29},
year = {2009}
}

@book{UnitedNationsHumanSettlementsProgramme2016,
address = {Nairobi, Kenya},
author = {{United Nations Human Settlements Programme}},
booktitle = {Urbanization and Development: Emerging Futures},
doi = {10.1097/NCM.0000000000000166},
file = {:home/jnicolaschc/GitHub/Metodolog{\'{i}}a de la Investigaci{\'{o}}n/enfoque_marco_logico/Referencias/Base de datos Scopus/Environmental Pollution 255/Translate/codigofuente/ExportBIB/WCR-2016-WEB.pdf:pdf},
isbn = {9789211333954},
issn = {19328095},
keywords = {Case management,Certification,Ethical practice,Ethics,Outcomes},
number = {4},
pages = {247},
pmid = {27231958},
volume = {21},
year = {2016}
}

@article{Lebreton2017,
author = {Lebreton, Laurent C M and {Van Der Zwet}, Joost and Damsteeg, Jan-Willem and Slat, Boyan and Andrady, Anthony and Reisser, Julia},
doi = {10.1038/ncomms15611},
file = {:home/jnicolaschc/.local/share/data/Mendeley Ltd./Mendeley Desktop/Downloaded/Lebreton et al. - 2017 - ARTICLE River plastic emissions to the world's oceans.pdf:pdf},
title = {{ARTICLE River plastic emissions to the world's oceans}},
url = {www.nature.com/naturecommunications},
year = {2017}
}

@article{Schmidt2017,
author = {Schmidt, Christian and Krauth, Tobias and Wagner, Stephan},
doi = {10.1021/acs.est.7b02368},
journal = {Environmental Science & Technology},
month = {oct},
number = {21},
pages = {12246--12253},
title = {{Export of Plastic Debris by Rivers into the Sea}},
volume = {51},
year = {2017}
}

@article{Weinstein2016,
author = {Weinstein, John E. and Crocker, Brittany K. and Gray, Austin D.},
doi = {10.1002/etc.3432},
file = {:home/jnicolaschc/GitHub/Metodolog{\'{i}}a de la Investigaci{\'{o}}n/enfoque_marco_logico/Referencias/Base de datos Scopus/Environmental Pollution 255/Translate/codigofuente/ExportBIB/weinstein2016.pdf:pdf},
issn = {15528618},
journal = {Environmental Toxicology and Chemistry},
keywords = {High-density polyethylene,Marine plastic,Microplastic,Polypropylene,Polystyrene},
number = {7},
pages = {1632--1640},
pmid = {26992845},
title = {{From macroplastic to microplastic: Degradation of high-density polyethylene, polypropylene, and polystyrene in a salt marsh habitat}},
volume = {35},
year = {2016}
}

@incollection{OU2018317,
author = {Ou, Huase and Zeng, Eddy Y},
booktitle = {Microplastic Contamination in Aquatic Environments},
doi = {https://doi.org/10.1016/B978-0-12-813747-5.00010-2},
editor = {Zeng, Eddy Y},
isbn = {978-0-12-813747-5},
keywords = { Discharge, Microbeads, Microfiber, Wastewater treatment plant,Microplastics},
pages = {317--338},
publisher = {Elsevier},
title = {{Chapter 10 - Occurrence and Fate of Microplastics in Wastewater Treatment Plants}},
url = {https://www.sciencedirect.com/science/article/pii/B9780128137475000102},
year = {2018}
}

@article{LATRUBESSE2008130,
annote = {The 39th Annual Binghamton Geomorphology Symposium: Fluvial Deposits and Environmental History: Geoarchaeology, Paleohydrology, and Adjustment to Environmental Change},
author = {Latrubesse, Edgardo M},
doi = {https://doi.org/10.1016/j.geomorph.2008.05.035},
issn = {0169-555X},
journal = {Geomorphology},
keywords = { Amazon River, Anabranching, Channel patterns, Hydraulic geometry,Large rivers},
number = {1},
pages = {130--145},
title = {{Patterns of anabranching channels: The ultimate end-member adjustment of mega rivers}},
url = {https://www.sciencedirect.com/science/article/pii/S0169555X08002389},
volume = {101},
year = {2008}
}

@article{PAZOS201785,
author = {Pazos, Roc{\'{i}}o S and Maiztegui, Tom{\'{a}}s and Colautti, Dar{\'{i}}o C and Paracampo, Ariel H and G{\'{o}}mez, Nora},
doi = {https://doi.org/10.1016/j.marpolbul.2017.06.007},
issn = {0025-326X},
journal = {Marine Pollution Bulletin},
keywords = { Fish assemblages, Microplastics ingestion, South America,Estuarine debris},
number = {1},
pages = {85--90},
title = {{Microplastics in gut contents of coastal freshwater fish from R{\'{i}}o de la Plata estuary}},
url = {https://www.sciencedirect.com/science/article/pii/S0025326X17304873},
volume = {122},
year = {2017}
}

@article{MORRITT2014196,
author = {Morritt, David and Stefanoudis, Paris V and Pearce, Dave and Crimmen, Oliver A and Clark, Paul F},
doi = {https://doi.org/10.1016/j.marpolbul.2013.10.035},
issn = {0025-326X},
journal = {Marine Pollution Bulletin},
keywords = { Fyke-nets, Plastics, River Thames, Sanitary products, United Kingdom,Estuary},
number = {1},
pages = {196--200},
title = {{Plastic in the Thames: A river runs through it}},
url = {https://www.sciencedirect.com/science/article/pii/S0025326X13006565},
volume = {78},
year = {2014}
}

@article{VERMEIREN20167,
author = {Vermeiren, Peter and Mu{\~{n}}oz, Cynthia C and Ikejima, Kou},
doi = {https://doi.org/10.1016/j.marpolbul.2016.10.002},
issn = {0025-326X},
journal = {Marine Pollution Bulletin},
keywords = { Estuary, Landscape scale, Management, Plastic debris, Spatial distribution,Conceptual model},
number = {1},
pages = {7--16},
title = {{Sources and sinks of plastic debris in estuaries: A conceptual model integrating biological, physical and chemical distribution mechanisms}},
url = {https://www.sciencedirect.com/science/article/pii/S0025326X16308189},
volume = {113},
year = {2016}
}

@article{SILVACAVALCANTI2017218,
author = {Silva-Cavalcanti, Jacqueline Santos and Silva, Jos{\'{e}} Diego B and de Fran{\c{c}}a, Elton Jos{\'{e}} and de Ara{\'{u}}jo, Maria Christina Barbosa and Gusm{\~{a}}o, Felipe},
doi = {https://doi.org/10.1016/j.envpol.2016.11.068},
issn = {0269-7491},
journal = {Environmental Pollution},
keywords = { Microfibres, River, Seafood, Semi-arid,Urbanization},
pages = {218--226},
title = {{Microplastics ingestion by a common tropical freshwater fishing resource}},
url = {https://www.sciencedirect.com/science/article/pii/S026974911632396X},
volume = {221},
year = {2017}
}

@book{Waterland2013,
address = {Rome},
author = {FAO},
title = {(Food and Agriculture Organization) The State of World Fisheries and Aquaculture 2016, in Contributing to Food Security and Nutrition for All)},
doi = {10.1115/PVP2013-97440},
file = {:home/jnicolaschc/GitHub/Metodolog{\'{i}}a de la Investigaci{\'{o}}n/enfoque_marco_logico/Referencias/Base de datos Scopus/Environmental Pollution 255/Translate/codigofuente/ExportBIB/i5555s.pdf:pdf},
isbn = {9780791855669},
issn = {0277027X},
pages = {20},
volume = {2},
year = {2016}
}

@article{wong2007world,
author = {Wong, C M and Williams, C E and Collier, U and Schelle, P and Pittock, J},
journal = {esocialsciences. com Working Papers},
title = {{World's top 10 rivers at risk}},
year = {2007}
}

@article{lippiatt2013marine,
  title={Marine debris monitoring and assessment: recommendations for monitoring debris trends in the marine environment.},
  author={Lippiatt, Sherry and Opfer, Sarah and Arthur, Courtney},
  year={2013},
  publisher={NOAA Marine Debris Division}
}

@book{Cheshire2009,
author = {Cheshire, a and Adler, E and Barbi{\`{e}}re, J and Cohen, Y},
booktitle = {UNEP Regional Seas Reports and Studies, No. 186; IOC Technical Series},
file = {:home/jnicolaschc/GitHub/Metodolog{\'{i}}a de la Investigaci{\'{o}}n/enfoque_marco_logico/Referencias/Base de datos Scopus/Environmental Pollution 255/Translate/codigofuente/ExportBIB/Marine_Litter_Survey_and_Monitoring_Guidelines_PublishedForm.pdf:pdf},
isbn = {9789280730272},
number = {186},
pages = {120 pp.},
title = {{UNEP/IOC Guidelines on survey and monitoring of marine litter}},
url = {http://www.unep.org/regionalseas/marinelitter/publications/docs/Marine_Litter_Survey_and_Monitoring_Guidelines.pdf},
year = {2009}
}

@article{msfd2013guidance,
  title={Guidance on monitoring of marine litter in European seas},
  author={MSFD, TSGML},
  journal={A Guidance Document within the Common Implementation Strategy for the Marine Strategy Framework Directive. Technical Subgroup on Marine Litter. Luxembourg: Publications Office of the European Union},
  volume={26113},
  year={2013}
}

@article{Klein2015,
author = {Klein, Sascha and Worch, Eckhard and {P. Knepper}, Thomas},
doi = {10.1021/acs.est.5b00492},
journal = {Environmental Science & Technology},
month = {may},
number = {10},
pages = {6070--6076},
title = {{Occurrence and Spatial Distribution of Microplastics in River Shore Sediments of the Rhine-Main Area in Germany}},
volume = {49},
year = {2015}
}

@article{espinola2016response,
  title={Response of fish assemblage structure to changing flood and flow pulses in a large subtropical river},
  author={Esp{\'\i}nola, Luis Alberto and Rabuffetti, Ana Pia and Abrial, Elie and Amsler, Mario Luis and Blettler, MCA and Paira, Aldo Raul and Sim{\~o}es, Nadson Ressy{\'e} and Santos, LN},
  journal={Marine and Freshwater Research},
  volume={68},
  number={2},
  pages={319--330},
  year={2016},
  publisher={CSIRO Publishing}
}

@article{BESSA2018575,
author = {Bessa, Filipa and Barr{\'{i}}a, Pablo and Neto, Jo{\~{a}}o M and Frias, Jo{\~{a}}o P G L and Otero, Vanessa and Sobral, Paula and Marques, J C},
doi = {https://doi.org/10.1016/j.marpolbul.2018.01.044},
issn = {0025-326X},
journal = {Marine Pollution Bulletin},
keywords = {Analytical methods,Estuary,Fibers,Fish,Plastic pollution,$\mu$-FTIR},
pages = {575--584},
title = {{Occurrence of microplastics in commercial fish from a natural estuarine environment}},
url = {https://www.sciencedirect.com/science/article/pii/S0025326X18300547},
volume = {128},
year = {2018}
}

@article{JABEEN2017141,
author = {Jabeen, Khalida and Su, Lei and Li, Jiana and Yang, Dongqi and Tong, Chunfu and Mu, Jingli and Shi, Huahong},
doi = {https://doi.org/10.1016/j.envpol.2016.11.055},
issn = {0269-7491},
journal = {Environmental Pollution},
keywords = { Fish, Ingestion, Marine debris, Mesoplastics,Microplastics},
pages = {141--149},
title = {{Microplastics and mesoplastics in fish from coastal and fresh waters of China}},
url = {https://www.sciencedirect.com/science/article/pii/S0269749116311666},
volume = {221},
year = {2017}
}

@article{RIC,
author = {RIC},
file = {:home/jnicolaschc/GitHub/Metodolog{\'{i}}a de la Investigaci{\'{o}}n/enfoque_marco_logico/Referencias/Base de datos Scopus/Environmental Pollution 255/Translate/codigofuente/ExportBIB/ASTM-7611-13.pdf:pdf},
title = {{Standard Practice for Codig Plastic Manufatured Articles for Resin Identification}},
year = {2016}
}

@article{GASPERI2014163,
author = {Gasperi, Johnny and Dris, Rachid and Bonin, Tiffany and Rocher, Vincent and Tassin, Bruno},
doi = {https://doi.org/10.1016/j.envpol.2014.09.001},
issn = {0269-7491},
journal = {Environmental Pollution},
keywords = {Floating plastic litter,Plastic loads,River,Riverine litter},
pages = {163--166},
title = {{Assessment of floating plastic debris in surface water along the Seine River}},
url = {https://www.sciencedirect.com/science/article/pii/S0269749114003807},
volume = {195},
year = {2014}
}

@article{SONG2015202,
author = {Song, Young Kyoung and Hong, Sang Hee and Jang, Mi and Han, Gi Myung and Rani, Manviri and Lee, Jongmyoung and Shim, Won Joon},
doi = {https://doi.org/10.1016/j.marpolbul.2015.01.015},
issn = {0025-326X},
journal = {Marine Pollution Bulletin},
keywords = { FT-IR microscope, Identification, Stereomicroscope,Microplastics},
number = {1},
pages = {202--209},
title = {{A comparison of microscopic and spectroscopic identification methods for analysis of microplastics in environmental samples}},
url = {https://www.sciencedirect.com/science/article/pii/S0025326X15000314},
volume = {93},
year = {2015}
}

@article{GUNDOGDU2017341,
author = {G{\"{u}}ndoğdu, Sedat and {\c{C}}evik, Cem},
doi = {https://doi.org/10.1016/j.marpolbul.2017.03.002},
issn = {0025-326X},
journal = {Marine Pollution Bulletin},
keywords = { Iskenderun Bay, Levantine Sea, Marine litter, Mersin Bay, Mesoplastic,Microplastic},
number = {1},
pages = {341--347},
title = {{Micro- and mesoplastics in Northeast Levantine coast of Turkey: The preliminary results from surface samples}},
url = {https://www.sciencedirect.com/science/article/pii/S0025326X17302084},
volume = {118},
year = {2017}
}

@article{masura2015laboratory,
  title={Laboratory Methods for the Analysis of Microplastics in the Marine Environment: Recommendations for quantifying synthetic particles in waters and sediments.},
  author={Masura, Julie and Baker, Joel and Foster, Gregory and Arthur, Courtney},
  year={2015},
  publisher={NOAA Marine Debris Division}
}

@article{T.Yonkos2014,
author = {{T. Yonkos}, Lance and {A. Friedel}, Elizabeth and {C. Perez-Reyes}, Ana and Ghosal, Sutapa and {D. Arthur}, Courtney},
doi = {10.1021/es5036317},
journal = {Environmental Science & Technology},
month = {nov},
number = {24},
pages = {14195--14202},
title = {{Microplastics in Four Estuarine Rivers in the Chesapeake Bay, U.S.A.}},
volume = {48},
year = {2014}
}

@article{Hidalgo-Ruz2012,
author = {Hidalgo-Ruz, Valeria and Gutow, Lars and {C. Thompson}, Richard and Thiel, Martin},
doi = {10.1021/es2031505},
journal = {Environmental Science & Technology},
month = {mar},
number = {6},
pages = {3060--3075},
title = {{Microplastics in the Marine Environment: A Review of the Methods Used for Identification and Quantification}},
volume = {46},
year = {2012}
}

@article{noren2007small,
  title={Small plastic particles in coastal Swedish waters},
  author={Nor{\'e}n, Fredrik},
  journal={Kimo Sweden},
  volume={11},
  pages={1--11},
  year={2007}
}

@article{FRIAS201489,
author = {Frias, J.P.G.L. and Otero, V and Sobral, P},
doi = {https://doi.org/10.1016/j.marenvres.2014.01.001},
issn = {0141-1136},
journal = {Marine Environmental Research},
keywords = {FTIR,MSFD,Microplastics,Plastic,Portugal,Zooplankton},
pages = {89--95},
title = {{Evidence of microplastics in samples of zooplankton from Portuguese coastal waters}},
url = {https://www.sciencedirect.com/science/article/pii/S0141113614000099},
volume = {95},
year = {2014}
}

@article{LI2016177,
author = {Li, Jiana and Qu, Xiaoyun and Su, Lei and Zhang, Weiwei and Yang, Dongqi and Kolandhasamy, Prabhu and Li, Daoji and Shi, Huahong},
doi = {https://doi.org/10.1016/j.envpol.2016.04.012},
issn = {0269-7491},
journal = {Environmental Pollution},
keywords = { Biomonitoring, Mussels, Seafood,Microplastic},
pages = {177--184},
title = {{Microplastics in mussels along the coastal waters of China}},
url = {https://www.sciencedirect.com/science/article/pii/S0269749116302767},
volume = {214},
year = {2016}
}

@article{doi:10.1139/cjfas-2014-0281,
author = {Casta{\~{n}}eda, Rowshyra A and Avlijas, Suncica and Simard, M Anouk and Ricciardi, Anthony},
doi = {10.1139/cjfas-2014-0281},
journal = {Canadian Journal of Fisheries and Aquatic Sciences},
number = {12},
pages = {1767--1771},
title = {{Microplastic pollution in St. Lawrence River sediments}},
url = {https://doi.org/10.1139/cjfas-2014-0281},
volume = {71},
year = {2014}
}

@article{anderson2004cap,
  title={CAP: a FORTRAN computer program for canonical analysis of principal coordinates},
  author={Anderson, MJ},
  journal={Department of Statistics, University of Auckland, New Zealand},
  year={2004}
}

@article{Anderson2001,
author = {Anderson, Marti J.},
doi = {10.1139/cjfas-58-3-626},
file = {:home/jnicolaschc/GitHub/Metodolog{\'{i}}a de la Investigaci{\'{o}}n/enfoque_marco_logico/Referencias/Base de datos Scopus/Environmental Pollution 255/Translate/codigofuente/ExportBIB/Permutation tests in ecological statistics Anderson2001.pdf:pdf},
issn = {0706652X},
journal = {Canadian Journal of Fisheries and Aquatic Sciences},
number = {3},
pages = {626--639},
title = {{Permutation tests for univariate or multivariate analysis of variance and regression}},
volume = {58},
year = {2001}
}

@article{pillar2006multiv,
  title={MULTIV: Multivariate exploratory analysis, randomization testing and bootstrap resampling},
  author={Pillar, VD},
  journal={User’s guide},
  volume={24},
  year={2006}
}

@article{faure2015,
author = {Faure, Florian and Demars, Colin and Wieser, Olivier and Kunz, Manuel and de Alencastro, Luiz},
doi = {10.1071/EN14218},
journal = {Environmental Chemistry},
title = {{Plastic pollution in Swiss surface waters: Nature and concentrations, interaction with pollutants}},
volume = {12},
year = {2015}
}

@article{Baldwin2016,
author = {Baldwin, Austin K and Corsi, Steven R and Mason, Sherri A},
doi = {10.1021/acs.est.6b02917},
file = {:home/jnicolaschc/.local/share/data/Mendeley Ltd./Mendeley Desktop/Downloaded/Baldwin, Corsi, Mason - 2016 - Plastic Debris in 29 Great Lakes Tributaries Relations to Watershed Attributes and Hydrology.pdf:pdf},
title = {{Plastic Debris in 29 Great Lakes Tributaries: Relations to Watershed Attributes and Hydrology}},
url = {https://pubs.acs.org/sharingguidelines},
year = {2016}
}

@article{LAHENS2018661,
author = {Lahens, Lisa and Strady, Emilie and Kieu-Le, Thuy-Chung and Dris, Rachid and Boukerma, Kada and Rinnert, Emmanuel and Gasperi, Johnny and Tassin, Bruno},
doi = {https://doi.org/10.1016/j.envpol.2018.02.005},
issn = {0269-7491},
journal = {Environmental Pollution},
keywords = { Anthropogenic fibers, Contamination, Macroplastic, Urban river,Microplastic},
pages = {661--671},
title = {{Macroplastic and microplastic contamination assessment of a tropical river (Saigon River, Vietnam) transversed by a developing megacity}},
url = {https://www.sciencedirect.com/science/article/pii/S0269749117330579},
volume = {236},
year = {2018}
}

@article{imhof2013contamination,
  title={Contamination of beach sediments of a subalpine lake with microplastic particles},
  author={Imhof, Hannes K and Ivleva, Natalia P and Schmid, Johannes and Niessner, Reinhard and Laforsch, Christian},
  journal={Current biology},
  volume={23},
  number={19},
  pages={R867--R868},
  year={2013},
  publisher={Elsevier}
}

@article{GUERRERO2013220,
author = {Guerrero, Lilliana Abarca and Maas, Ger and Hogland, William},
doi = {https://doi.org/10.1016/j.wasman.2012.09.008},
issn = {0956-053X},
journal = {Waste Management},
keywords = { Developing countries, Generation rate, Influential factor, Management, Quality, Stakeholder,Integrated solid waste},
number = {1},
pages = {220--232},
title = {{Solid waste management challenges for cities in developing countries}},
url = {https://www.sciencedirect.com/science/article/pii/S0956053X12004205},
volume = {33},
year = {2013}
}

@article{ALKHATIB20101131,
author = {Al-Khatib, Issam A and Monou, Maria and {Abu Zahra}, Abdul Salam F and Shaheen, Hafez Q and Kassinos, Despo},
doi = {https://doi.org/10.1016/j.jenvman.2010.01.003},
issn = {0301-4797},
journal = {Journal of Environmental Management},
keywords = { Municipal solid waste, Palestine, Waste characteristics, Waste disposal, Waste management,Developing countries},
number = {5},
pages = {1131--1138},
title = {{Solid waste characterization, quantification and management practices in developing countries. A case study: Nablus district – Palestine}},
url = {https://www.sciencedirect.com/science/article/pii/S0301479710000046},
volume = {91},
year = {2010}
}

@book{Kaza2018,
author = {Kaza, Silpa and Yao, Lisa and Bhada-Tata, Perinaz and {Van Woerden}, Frank},
edition = {World Bank},
file = {:home/jnicolaschc/GitHub/Metodolog{\'{i}}a de la Investigaci{\'{o}}n/enfoque_marco_logico/Referencias/Base de datos Scopus/Environmental Pollution 255/Translate/codigofuente/ExportBIB/9781464813290.pdf:pdf},
isbn = {9781464813290},
title = {{What a Waste 2.0: A Global Snapshot of Solid Waste Management to 2050}},
year = {2018}
}

@article{Clapp2009,
author = {Clapp, Jennifer and Swanston, Linda},
doi = {10.1080/09644010902823717},
file = {:home/jnicolaschc/GitHub/Metodolog{\'{i}}a de la Investigaci{\'{o}}n/enfoque_marco_logico/Referencias/Base de datos Scopus/Environmental Pollution 255/Translate/codigofuente/ExportBIB/Doing away with plastic shopping bags international patterns of norm emergence and policy implementation.pdf:pdf},
issn = {09644016},
journal = {Environmental Politics},
keywords = {International environmental norms,Material interests,Norm dynamics,Plastic shopping bags,Policy implementation},
number = {3},
pages = {315--332},
title = {{Doing away with plastic shopping bags: International patterns of norm emergence and policy implementation}},
volume = {18},
year = {2009}
}

@article{SU2016711,
author = {Su, Lei and Xue, Yingang and Li, Lingyun and Yang, Dongqi and Kolandhasamy, Prabhu and Li, Daoji and Shi, Huahong},
doi = {https://doi.org/10.1016/j.envpol.2016.06.036},
issn = {0269-7491},
journal = {Environmental Pollution},
keywords = { Asian clam, Biomonitoring, Freshwater,Microplastic},
pages = {711--719},
title = {{Microplastics in Taihu Lake, China}},
url = {https://www.sciencedirect.com/science/article/pii/S0269749116305243},
volume = {216},
year = {2016}
}

@article{WANG20171369,
author = {Wang, Wenfeng and Ndungu, Anne Wairimu and Li, Zhen and Wang, Jun},
doi = {https://doi.org/10.1016/j.scitotenv.2016.09.213},
issn = {0048-9697},
journal = {Science of The Total Environment},
keywords = { Pollution, Urban surface waters, Wuhan,Microplastics},
pages = {1369--1374},
title = {{Microplastics pollution in inland freshwaters of China: A case study in urban surface waters of Wuhan, China}},
url = {https://www.sciencedirect.com/science/article/pii/S004896971632143X},
volume = {575},
year = {2017}
}

@article{PENG2017283,
author = {Peng, Guyu and Zhu, Bangshang and Yang, Dongqi and Su, Lei and Shi, Huahong and Li, Daoji},
doi = {https://doi.org/10.1016/j.envpol.2016.12.064},
issn = {0269-7491},
journal = {Environmental Pollution},
keywords = { Changjiang estuary, Marine pollution, Sediment, $\mu$-FT-IR,Microplastic},
pages = {283--290},
title = {{Microplastics in sediments of the Changjiang Estuary, China}},
url = {https://www.sciencedirect.com/science/article/pii/S0269749116308338},
volume = {225},
year = {2017}
}

@article{XIONG2018899,
author = {Xiong, Xiong and Zhang, Kai and Chen, Xianchuan and Shi, Huahong and Luo, Ze and Wu, Chenxi},
doi = {https://doi.org/10.1016/j.envpol.2017.12.081},
issn = {0269-7491},
journal = {Environmental Pollution},
keywords = { Lake current, Plastic debris, Tourism, Weathering,Remote lake},
pages = {899--906},
title = {{Sources and distribution of microplastics in China's largest inland lake – Qinghai Lake}},
url = {https://www.sciencedirect.com/science/article/pii/S0269749117345591},
volume = {235},
year = {2018}
}

@article{COLE20112588,
author = {Cole, Matthew and Lindeque, Pennie and Halsband, Claudia and Galloway, Tamara S},
doi = {https://doi.org/10.1016/j.marpolbul.2011.09.025},
issn = {0025-326X},
journal = {Marine Pollution Bulletin},
keywords = {Marine litter,Microplastics,Plastic debris,Priority pollutant},
number = {12},
pages = {2588--2597},
title = {{Microplastics as contaminants in the marine environment: A review}},
url = {https://www.sciencedirect.com/science/article/pii/S0025326X11005133},
volume = {62},
year = {2011}
}

@article{Conkle2018,
author = {Conkle, Jeremy L and {B{\'{a}}ez Del Valle}, Christian D and Turner, Jeffrey W},
doi = {10.1007/s00267-017-0947-8},
issn = {1432-1009},
journal = {Environmental Management},
number = {1},
pages = {1--8},
title = {{Are We Underestimating Microplastic Contamination in Aquatic Environments?}},
url = {https://doi.org/10.1007/s00267-017-0947-8},
volume = {61},
year = {2018}
}
@article{dris2015microplastic,
  title={Microplastic contamination in an urban area: a case study in Greater Paris},
  author={Dris, Rachid and Gasperi, Johnny and Rocher, Vincent and Saad, Mohamed and Renault, Nicolas and Tassin, Bruno},
  journal={Environmental Chemistry},
  volume={12},
  number={5},
  pages={592--599},
  year={2015},
  publisher={CSIRO Publishing}
}

@article{ZHANG2015117,
author = {Zhang, Kai and Gong, Wen and Lv, Jizhong and Xiong, Xiong and Wu, Chenxi},
doi = {https://doi.org/10.1016/j.envpol.2015.04.023},
issn = {0269-7491},
journal = {Environmental Pollution},
keywords = { Accumulation, Dam, Distribution, Reservoir,Microplastics},
pages = {117--123},
title = {{Accumulation of floating microplastics behind the Three Gorges Dam}},
url = {https://www.sciencedirect.com/science/article/pii/S0269749115002122},
volume = {204},
year = {2015}
}

@article{Zhang2017,
author = {Zhang, Kai and Xiong, Xiong and Hu, Hongjuan and Wu, Chenxi and Bi, Yonghong and Wu, Yonghong and Zhou, Bingsheng and {K. S. Lam}, Paul and Liu, Jiantong},
doi = {10.1021/acs.est.7b00369},
journal = {Environmental Science & Technology},
month = {mar},
number = {7},
pages = {3794--3801},
title = {{Occurrence and Characteristics of Microplastic Pollution in Xiangxi Bay of Three Gorges Reservoir, China}},
volume = {51},
year = {2017}
}

@article{PAZOS2018134,
author = {Pazos, Roc{\'{i}}o S and Bauer, Delia E and G{\'{o}}mez, Nora},
doi = {https://doi.org/10.1016/j.envpol.2018.08.064},
issn = {0269-7491},
journal = {Environmental Pollution},
keywords = { Plankton, Plastics fragments, Pollution, R{\'{i}}o de la Plata estuary,Fibres},
pages = {134--142},
title = {{Microplastics integrating the coastal planktonic community in the inner zone of the R{\'{i}}o de la Plata estuary (South America)}},
url = {https://www.sciencedirect.com/science/article/pii/S026974911831087X},
volume = {243},
year = {2018}
}

@article{Mani2015,
author = {Mani, Thomas and Hauk, Armin and Walter, Ulrich and Burkhardt-Holm, Patricia},
doi = {10.1038/srep17988},
issn = {2045-2322},
journal = {Scientific Reports},
number = {1},
pages = {17988},
title = {{Microplastics profile along the Rhine River}},
url = {https://doi.org/10.1038/srep17988},
volume = {5},
year = {2015}
}

@article{ERIKSEN2013177,
author = {Eriksen, Marcus and Mason, Sherri and Wilson, Stiv and Box, Carolyn and Zellers, Ann and Edwards, William and Farley, Hannah and Amato, Stephen},
doi = {https://doi.org/10.1016/j.marpolbul.2013.10.007},
issn = {0025-326X},
journal = {Marine Pollution Bulletin},
keywords = {Great Lakes,Marine debris,Microbeads,Microplastic,Plastic pollution},
number = {1},
pages = {177--182},
title = {{Microplastic pollution in the surface waters of the Laurentian Great Lakes}},
url = {https://www.sciencedirect.com/science/article/pii/S0025326X13006097},
volume = {77},
year = {2013}
}

@article{gouin2015,
author = {Gouin, Todd and Avalos, J and Brunning, Iain and Brzuska, K and De, J and Kaumanns, J and Konong, T and Meyberg, M and Rettinger, Klaus and Schlatter, H and Thomas, J and Van, R and Wolf, T},
journal = {SOFW-Journal},
pages = {1--33},
title = {{Use of micro-plastic beads in cosmetic products in Europe and their estimated emissions to the North Sea environment}},
volume = {141},
year = {2015}
}

@article{NAPPER2015178,
author = {Napper, Imogen E and Bakir, Adil and Rowland, Steven J and Thompson, Richard C},
doi = {https://doi.org/10.1016/j.marpolbul.2015.07.029},
issn = {0025-326X},
journal = {Marine Pollution Bulletin},
keywords = { Contaminant, Exfoliating microbeads, Ocean pollution, Polyethylene,Microplastic},
number = {1},
pages = {178--185},
title = {{Characterisation, quantity and sorptive properties of microplastics extracted from cosmetics}},
url = {https://www.sciencedirect.com/science/article/pii/S0025326X1500449X},
volume = {99},
year = {2015}
}

@book{Boucher2017,
author = {Boucher, Julien and Friot, Damien},
booktitle = {Marine Environmental Research},
file = {:home/jnicolaschc/GitHub/Metodolog{\'{i}}a de la Investigaci{\'{o}}n/enfoque_marco_logico/Referencias/Base de datos Scopus/Environmental Pollution 255/Translate/codigofuente/ExportBIB/2017-002-En.pdf:pdf},
isbn = {9782831718279},
pages = {18--26},
title = {{Primary Microplastics in the Oceans}},
url = {https://doi.org/10.2305/IUCN.CH.2017.01.en},
volume = {111},
year = {2017}
}

@article{RIBIC2012994,
author = {Ribic, Christine A and Sheavly, Seba B and Rugg, David J and Erdmann, Eric S},
doi = {https://doi.org/10.1016/j.marpolbul.2012.02.008},
issn = {0025-326X},
journal = {Marine Pollution Bulletin},
keywords = { ENSO, Hawai'i, Monitoring, Pacific Coast, Upwelling,Marine debris},
number = {5},
pages = {994--1004},
title = {{Trends in marine debris along the U.S. Pacific Coast and Hawai'i 1998–2007}},
url = {https://www.sciencedirect.com/science/article/pii/S0025326X12000860},
volume = {64},
year = {2012}
}
