@article{article,
author = {Gouin, Todd and Avalos, J. and Brunning, Iain and Brzuska, K. and de, J. and Kaumanns, J. and Konong, T. and Meyberg, M. and Rettinger, Klaus and Schlatter, H. and Thomas, J. and van, R. and Wolf, T.},
year = {2015},
month = {01},
pages = {1-33},
title = {Use of micro-plastic beads in cosmetic products in Europe and their estimated emissions to the North Sea environment},
volume = {141},
journal = {SOFW-Journal}
}