@article{article,
author = {Faure, Florian and Demars, Colin and Wieser, Olivier and Kunz, Manuel and de Alencastro, Luiz},
year = {2015},
month = {01},
pages = {},
title = {Plastic pollution in Swiss surface waters: Nature and concentrations, interaction with pollutants},
volume = {12},
journal = {Environmental Chemistry},
doi = {10.1071/EN14218}
}