@article{dris2015microplastic,
  title={Microplastic contamination in an urban area: a case study in Greater Paris},
  author={Dris, Rachid and Gasperi, Johnny and Rocher, Vincent and Saad, Mohamed and Renault, Nicolas and Tassin, Bruno},
  journal={Environmental Chemistry},
  volume={12},
  number={5},
  pages={592--599},
  year={2015},
  publisher={CSIRO Publishing}
}
