@article{espinola2016response,
  title={Response of fish assemblage structure to changing flood and flow pulses in a large subtropical river},
  author={Esp{\'\i}nola, Luis Alberto and Rabuffetti, Ana Pia and Abrial, Elie and Amsler, Mario Luis and Blettler, MCA and Paira, Aldo Raul and Sim{\~o}es, Nadson Ressy{\'e} and Santos, LN},
  journal={Marine and Freshwater Research},
  volume={68},
  number={2},
  pages={319--330},
  year={2016},
  publisher={CSIRO Publishing}
}
