@article{imhof2013contamination,
  title={Contamination of beach sediments of a subalpine lake with microplastic particles},
  author={Imhof, Hannes K and Ivleva, Natalia P and Schmid, Johannes and Niessner, Reinhard and Laforsch, Christian},
  journal={Current biology},
  volume={23},
  number={19},
  pages={R867--R868},
  year={2013},
  publisher={Elsevier}
}
