@article{lippiatt2013marine,
  title={Marine debris monitoring and assessment: recommendations for monitoring debris trends in the marine environment.},
  author={Lippiatt, Sherry and Opfer, Sarah and Arthur, Courtney},
  year={2013},
  publisher={NOAA Marine Debris Division}
}
