@article{masura2015laboratory,
  title={Laboratory Methods for the Analysis of Microplastics in the Marine Environment: Recommendations for quantifying synthetic particles in waters and sediments.},
  author={Masura, Julie and Baker, Joel and Foster, Gregory and Arthur, Courtney},
  year={2015},
  publisher={NOAA Marine Debris Division}
}
