@article{msfd2013guidance,
  title={Guidance on monitoring of marine litter in European seas},
  author={MSFD, TSGML},
  journal={A Guidance Document within the Common Implementation Strategy for the Marine Strategy Framework Directive. Technical Subgroup on Marine Litter. Luxembourg: Publications Office of the European Union},
  volume={26113},
  year={2013}
}
