@article{noren2007small,
  title={Small plastic particles in coastal Swedish waters},
  author={Nor{\'e}n, Fredrik},
  journal={Kimo Sweden},
  volume={11},
  pages={1--11},
  year={2007}
}
