@article{pillar2006multiv,
  title={MULTIV: Multivariate exploratory analysis, randomization testing and bootstrap resampling},
  author={Pillar, VD},
  journal={Userâ€™s guide},
  volume={24},
  year={2006}
}
