@article{wantzen2019urban,
  title={Urban stream and wetland restoration in the Global Southâ€”A DPSIR analysis},
  author={Wantzen, Karl M and Alves, Carlos Bernardo Mascarenhas and Badiane, Sidia Diaouma and Bala, Raita and Blettler, Mart{\'\i}n and Callisto, Marcos and Cao, Yixin and Kolb, Melanie and Kondolf, G Mathias and Leite, Marina Fernandes and others},
  journal={Sustainability},
  volume={11},
  number={18},
  pages={4975},
  year={2019},
  publisher={Multidisciplinary Digital Publishing Institute}
}
