@article{wong2007world,
  title={World's top 10 rivers at risk},
  author={Wong, CM and Williams, CE and Collier, U and Schelle, P and Pittock, J},
  journal={esocialsciences. com Working Papers},
  year={2007}
}
