@article{SecretariadeSalud2019,
author = {del cauca {Secretar{\'{i}}a de Salud}, Gobernaci{\'{o}}n},
file = {:home/jnicolaschc/GitHub/Metodolog{\'{i}}a de la Investigaci{\'{o}}n/enfoque_marco_logico/Referencias/Secretaria de Salud Departamental del Cauca/BoletinAGUA-Nov-Dic-2019.pdf:pdf},
isbn = {9781479978007},
journal = {Boletines periodicos sobre la limpieza y el estado de pureza de las aguas realizados por los municipios del departamento del Cauca.},
title = {{Mapa De Riesgo De La Calidad Del Agua Para Consumo Humano}},
url = {http://observatoriosaludcauca.gov.co/wp-content/uploads/2019/},
year = {2019}
}


@misc{tipocontaminacion,
title = {{Acciones para reducir la contaminaci{\'{o}}n del agua | Fundaci{\'{o}}n Aquae}},
url = {https://www.fundacionaquae.org/reducir-contaminacion-agua/},
urldate = {2021-08-20}
}
